<record><leader>00000cas a22000007a 4500</leader><controlfield tag="001">19912859</controlfield><controlfield tag="008">890622d193019uupauuu ne      0    0eng d</controlfield><datafield ind1=" " ind2=" " tag="010"><subfield code="a">sn 89077506 </subfield></datafield><datafield ind1=" " ind2=" " tag="040"><subfield code="a">NPH</subfield><subfield code="b">eng</subfield><subfield code="c">NPH</subfield><subfield code="d">OCLCQ</subfield></datafield><datafield ind1=" " ind2=" " tag="042"><subfield code="a">msc</subfield></datafield><datafield ind1="0" ind2=" " tag="130"><subfield code="a">Our home town (Wayne, Pa.)</subfield></datafield><datafield ind1="1" ind2="0" tag="245"><subfield code="a">Our home town.</subfield></datafield><datafield ind1=" " ind2=" " tag="260"><subfield code="a">Wayne, Pa. :</subfield><subfield code="b">Suburban Pub. Co.</subfield></datafield><datafield ind1=" " ind2=" " tag="300"><subfield code="a">v. :</subfield><subfield code="b">ill.</subfield></datafield><datafield ind1="1" ind2=" " tag="362"><subfield code="a">Began in 1930.</subfield></datafield><datafield ind1=" " ind2=" " tag="500"><subfield code="a">Editor: A.M. Ehart.</subfield></datafield><datafield ind1=" " ind2=" " tag="500"><subfield code="a">"Sponsored by and published with the approval of the Wayne Chamber of Commerce."</subfield></datafield><datafield ind1=" " ind2=" " tag="588"><subfield code="a">Description based on: Vol. 1, no. 39 (May 26, 1931).</subfield></datafield><datafield ind1=" " ind2=" " tag="752"><subfield code="a">United States</subfield><subfield code="b">Pennsylvania</subfield><subfield code="c">Delaware</subfield><subfield code="d">Wayne.</subfield></datafield></record>